@misc{starShipUserGuide,
author ="{SpaceX}",
title ="{Star Ship User's Guide}",
year =2020,
howpublished ="\url{https://www.spacex.com/media/starship_users_guide_v1.pdf}",
note = "Zugriff: 25.04.2021"
}

@misc{falconUserGuide,
author ="{SpaceX}",
title ="{Falcon User's Guide}",
year =2020,
howpublished ="\url{https://www.spacex.com/media/Falcon_Users_Guide_082020.pdf}",
note = "Zugriff: 25.04.2021"
}

@misc{electronRocketLab,
auther ="{Ian Atkinson}",
title ="Rocket Lab launches Electron flight 8. Company previews first stage recovery",
year = 2019,
howpublished ="\url{https://www.nasaspaceflight.com/2019/08/rocket-lab-electron-flight-8-towards-first-stage-recovery}",
note = "Zugriff: 25.04.2021"
}

@misc{GAIA,
author ="{GAIA Aerospace}",
title ="{Valkyire, Die erste wiederverwendbare AirLaunch-Rakete}",
howpublished ="\url{https://www.gaia-aerospace.com/research/}",
note = "Zugriff: 25.04.2021"
}


@misc{flugbahnBarz,
author ="Ina Barz",
title = "{Untersuchung effizienter Algorithmen zur Trajektorienoptimierung von AirLaunch-Raketen}",
howpublished = "Studienarbeit, TU Braunschweig",
year = "April 2021"
}

@inproceedings{vergleichPlanar,
  title="{Analysis of Grid Fins as Efficient Control Surface in Comparison to Conventional Planar Fins}",
  author="{Salman Munawa}",
  year=2009,
 booktitle = "27th international congress of the aeronautical sciences",
}

@article{sehnenlaenge,
 title={Effect of aspect ratio variation on subsonic aerodynamics of cascade type grid fin at different gap-to-chord ratios},
 volume={124},
 DOI={10.1017/aer.2019.146},
 number={1274},
 journal={The Aeronautical Journal},
 publisher={Cambridge University Press},
 author={Tripathi, M. and Sucheendran, M.M. and Misra, A.},
 year={2020},
 pages={472â€“498}
}

@inproceedings{zellform,
title={Grid pattern effects on aerodynamic characteristics of grid fins},
author={Hiroshima, Fumiya and Tatsumi, Kaoru},
year=2004,
booktitle={24th International Congess of Aeronautical Sciences},
publisher={}
}

@inproceedings{sb-sharp,
author = {Debiasi, Marco and Yan, Zeng and Chng, Tat},
year = {2010},
month = {06},
pages = {},
title = {Swept-Back Grid Fins for Transonic Drag Reduction},
isbn = {978-1-62410-141-0},
journal = {28th AIAA Applied Aerodynamics Conference},
doi = {10.2514/6.2010-4244}
}

@misc{synopsis,
titel="{Experimental Investigation of Grid Fin Aerodynamics: A Synopsis of nine wind tunnel and three flight tests}",
author="Miller, Mark S. and Washington, Wm. David",
year=1998,
booktitle="Missle Aerodynamics",
publisher="North Atlantic Treaty Organization, Research and Technology Organisation"
}


@misc{machgrenzen,
titel="{Aerodynamic Prediction Methodology for Grid Fins}",
author="Miller, Mark S. and Washington, Wm. David",
year=1998,
booktitle="Missle Aerodynamics",
publisher="North Atlantic Treaty Organization, Research and Technology Organisation"
}

@inproceedings{stroemung,
author = {Hughson, Montgomery and Blades, Eric and Luke, Edward and Abate, Gregg},
year = {2007},
month = {06},
pages = {},
title = {Analysis of Lattice Grid Tailfin Missiles in High-Speed Flow},
isbn = {978-1-62410-006-2},
doi = {10.2514/6.2007-3932}
}

